% This file was created with JabRef 2.5.
% Encoding: UTF-8

@InProceedings{DATE12,
  author = {C.M. Kirsch and R. Sengupta and E. Pereira and J. Huan and R. Hansen and H. Chen and F. Landolt and A. Rottmann and R. Trummer},
  title = {Cyber-Physical Cloud Computing: The Binding and Migration Problem},
  booktitle = {Proc. International Conference on Design, Automation and Test in Europe (DATE)},
  year = {2012}
}

@TechReport{SBG11b,
  author = {C.M. Kirsch and H. Payer and H. R{\"o}ck and A. Sokolova},
  title = {Performance, Scalability, and Semantics of Concurrent {FIFO} Queues},
  institution = {Department of Computer Sciences, University of Salzburg},
  number = {2011-03},
  month = {September},
  year = {2011},
  ckurl = {\myreporturl{SBG11-Scal}}
}

@TechReport{SBG11a,
  author = {S.S. Craciunas and C.M. Kirsch and A. Sokolova},
  title = {The Power of Isolation},
  institution = {Department of Computer Sciences, University of Salzburg},
  number = {2011-02},
  month = {July},
  year = {2011},
  ckurl = {\myreporturl{SBG11-PowerIsolation}}
}

@InProceedings{ACSD11,
  author = {C.M. Kirsch and L. Lopes and E.R.B. Marques and A. Sokolova},
  title = {Runtime Programming through Model-Preserving, Scalable Runtime Patches},
  booktitle = {Proc. International Conference on Application of Concurrency to System Design (ACSD)},
  publisher = {IEEE},
  pages = {77--86},
  year = {2011},
  ckurl = {\myconferenceurl{ACSD11-RuntimeProgramming}}
}

@InProceedings{PODC11,
  author = {C.M. Kirsch and H. Payer and H. R{\"o}ck and A. Sokolova},
  title = {Brief Announcement: Scalability versus Semantics of Concurrent {FIFO} Queues},
  booktitle = {Proc. Symposium on Principles of Distributed Computing (PODC)},
  year = {2011},
  publisher = {ACM},
  ckurl = {\myconferenceurl{PODC11-BA-ScalabilityVersusSemantics}}
}

@InProceedings{ISMM11,
  author = {M. Aigner and A. Haas and C.M. Kirsch and M. Lippautz and A. Sokolova and S. Stroka and A. Unterweger},
  title = {Short-term Memory for Self-collecting Mutators},
  booktitle = {Proc. International Symposium on Memory Management (ISMM)},
  publisher = {ACM},
  year = {2011},
  ckurl = {\myconferenceurl{ISMM11-ShortTermMemory}}
}

@Proceedings{EuroSys11,
  editor    = {Gernot Heiser and Christoph M. Kirsch},
  title     = {ACM European Conference on Computer Systems, EuroSys 2011,
               Salzburg, Austria, April 10 - 13, 2011, Proceedings},
  year = {2011},
  publisher = {ACM},
  address = {New York, NY, USA}
}

@InProceedings{FACS10,
  author = {C.M. Kirsch and L. Lopes and E.R.B. Marques and A. Sokolova},
  title = {Runtime Programming through Model-Preserving, Scalable Runtime Patches},
  booktitle = {Proc. International Workshop on Formal Aspects of Component Software (FACS), Doctoral Track},
  publisher = {Springer},
  series = {LNCS},
  volume = {6921},
  pages = {290--294},
  year = {2010},
  ckurl = {\myconferenceurl{FACS10-RuntimeProgramming}}
}

@TechReport{SBG10e,
  author = {C.M. Kirsch and L. Lopes and E.R.B. Marques and A. Sokolova},
  title = {Runtime Programming through Model-Preserving, Scalable Runtime Patches},
  institution = {Department of Computer Sciences, University of Salzburg},
  number = {2010-08},
  month = {December},
  year = {2010},
  ckurl = {\myreporturl{SBG10-RuntimeProgramming}}
}

@TechReport{SBG10d,
  author = {C.M. Kirsch and H. Payer and H. R{\"o}ck},
  title = {Scal$\skull$: Non-Linearizable Computing Breaks the Scalability Barrier},
  institution = {Department of Computer Sciences, University of Salzburg},
  number = {2010-07},
  month = {November},
  year = {2010},
  ckurl = {\myreporturl{SBG10-Scal}}
}

@TechReport{SBG10c,
  author = {M. Aigner and A. Haas and C.M. Kirsch and A. Sokolova},
  title = {Short-term Memory for Self-collecting Mutators - Revised Version},
  institution = {Department of Computer Sciences, University of Salzburg},
  number = {2010-06},
  month = {October},
  year = {2010},
  ckurl = {\myreporturl{SBG10-ShortTermMemoryRevised}}
}

@article{SCP10,
  author = "A. Ghosal and D. Iercan and C.M. Kirsch and T.A. Henzinger and A. Sangiovanni-Vincentelli",
  title = "Separate Compilation of Hierarchical Real-Time Programs into Linear-bounded {Embedded} {Machine} Code",
  journal = "Science of Computer Programming",
  year = "2010",
  doi = "DOI: 10.1016/j.scico.2010.06.004"
}

@InProceedings{EMSOFT10,
  author = {S.S. Craciunas and C.M. Kirsch and A. Sokolova},
  title = {Power-aware Temporal Isolation with Variable-Bandwidth Servers},
  booktitle = {Proc. International Conference on Embedded Software (EMSOFT)},
  publisher = {ACM},
  year = {2010},
  ckurl = {\myconferenceurl{EMSOFT10-PowerAwareTemporalIsolation}}
}

@InProceedings{HotCloud10,
  author = {S.S. Craciunas and A. Haas and C.M. Kirsch and H. Payer and H. R{\"o}ck and A. Rottmann and A. Sokolova and R. Trummer and J. Love and R. Sengupta},
  title = {Information-Acquisition-as-a-Service for Cyber-Physical Cloud Computing},
  booktitle = {Proc. Workshop on Hot Topics in Cloud Computing (HotCloud)},
  year = {2010},
  publisher = {USENIX},
  ckurl = {\myconferenceurl{HotCloud10-CPCC}}
}

@TechReport{SBG10b,
  author = {M. Aigner and A. Haas and C.M. Kirsch and H. Payer and A. Sch{\"o}negger and A. Sokolova},
  title = {Short-term Memory for Self-collecting Mutators},
  institution = {Department of Computer Sciences, University of Salzburg},
  number = {2010-03},
  month = {April},
  year = {2010},
  ckurl = {\myreporturl{SBG10-ShortTermMemory}}
}

@TechReport{SBG10a,
  author = {S.S. Craciunas and C.M. Kirsch and A. Sokolova},
  title = {Power-aware Temporal Isolation with Variable-Bandwidth Servers},
  institution = {Department of Computer Sciences, University of Salzburg},
  number = {2010-02},
  month = {April},
  year = {2010},
  ckurl = {\myreporturl{SBG10-PowerAwareTemporalIsolation}}
}

@Misc{EuroSys10,
  author = {H. Payer and H. R{\"o}ck and C.M. Kirsch},
  title = {Get What You Pay For: Providing Performance Isolation in Virtualized Execution Environments},
  howpublished = {Poster at the ACM SIGOPS European Systems Conference (EuroSys)},
  year = {2010},
  ckurl = {\myposterurl{EuroSys10-Isolation-Abstract}}
}

@InProceedings{RTAS10,
  author = {S.S. Craciunas and C.M. Kirsch and A. Sokolova},
  title = {Response Time versus Utilization in Scheduler Overhead Accounting},
  booktitle = {Proc. Real-Time and Embedded Technology and Applications Symposium (RTAS)},
  year = {2010},
  publisher = {IEEE},
  ckurl = {\myconferenceurl{RTAS10-SchedulerOverheadAccounting}}
}

@TechReport{SBG09b,
  author = {S.S. Craciunas and C.M. Kirsch and A. Sokolova},
  title = {Response Time versus Utilization in Scheduler Overhead Accounting},
  institution = {Department of Computer Sciences, University of Salzburg},
  number = {2009-03},
  month = {August},
  year = {2009},
  ckurl = {\myreporturl{SBG09-SchedulerOverhead}}
}

@InProceedings{RTSS09,
  author = {T.A. Henzinger and C.M. Kirsch and E.R.B. Marques and A. Sokolova},
  title = {Distributed, Modular {HTL}},
  booktitle = {Proc. Real-Time Systems Symposium (RTSS)},
  year = {2009},
  publisher = {IEEE},
  ckurl = {\myconferenceurl{RTSS09-HTL}}
}

@InProceedings{RePP09,
  author = {S.S. Craciunas and C.M. Kirsch and A. Sokolova},
  title = {A Workload-oriented Programming Model for Temporal Isolation with {VBS}},
  booktitle = {Online Proc. Workshop on Reconciling Performance with Predictability (RePP)},
  year = {2009},
  ckurl = {\myconferenceurl{RePP09-WorkloadOrientedProgramming}}
}

@InProceedings{JTRES09,
  author = {H. R{\"o}ck and J. Auerbach and D.F. Bacon and C.M. Kirsch},
  title = {Avoiding Unbounded Priority Inversion in Barrier Protocols Using Gang Priority Management},
  booktitle = {Proc. International Workshop on Java Technologies for Real-time and Embedded Systems (JTRES)},
  year = {2009},
  publisher = {ACM},
  ckurl = {\myconferenceurl{JTRES09-GPM}}
}

@InProceedings{SIES09,
  author = {S.S. Craciunas and C.M. Kirsch and H. Payer and H. R{\"o}ck and A. Sokolova},
  title = {Programmable Temporal Isolation through Variable-Bandwidth Servers},
  booktitle = {Proc. Symposium on Industrial Embedded Systems (SIES)},
  year = {2009},
  publisher = {IEEE},
  ckurl = {\myconferenceurl{SIES09-VBS}}
}

@Proceedings{LCTES09,
  editor    = {Christoph M. Kirsch and Mahmut T. Kandemir},
  title     = {ACM SIGPLAN/SIGBED Conference on Languages, Compilers, and Tools for Embedded Systems, LCTES 2009,
               Dublin, Ireland, June 19 - 20, 2009, Proceedings},
  year = {2009},
  publisher = {ACM},
  address = {New York, NY, USA}
}

@TechReport{SBG09a,
  author = {S.S. Craciunas and C.M. Kirsch and H. Payer and H. R{\"o}ck and A. Sokolova},
  title = {Concurrency and Scalability versus Fragmentation and Compaction with Compact-fit},
  institution = {Department of Computer Sciences, University of Salzburg},
  number = {2009-02},
  month = {April},
  year = {2009},
  ckurl = {\myreporturl{SBG09-ConcurrentCF}}
}

@Misc{RTAS09a,
  author = {S.S. Craciunas and C.M. Kirsch and H. Payer and H. R{\"o}ck and A. Sokolova},
  title = {Everyone Virtualizes Everything But Time},
  howpublished = {Poster at the IEEE Real-Time and Embedded Technology and Applications Symposium (RTAS)},
  year = {2009},
  ckurl = {\myposterurl{RTAS09-Tiptoe-Abstract}}
}

@InProceedings{RTAS09b,
  author = {K. Hedrick and J. Jariyasunant and C.M. Kirsch and J. Love and E. Pereira and R. Sengupta and M. Zennaro},
  title = {{CSL}: A Language to Specify and Re-Specify Mobile Sensor Network Behaviors},
  booktitle = {Proc. Real-Time and Embedded Technology and Applications Symposium (RTAS)},
  year = {2009},
  publisher = {IEEE},
  ckurl = {\myconferenceurl{RTAS09-CSL}}
}

@InProceedings{IIES09,
  author = {S.S. Craciunas and C.M. Kirsch and H. Payer and H. R{\"o}ck and A. Sokolova},
  title = {Programmable Temporal Isolation in Real-Time and Embedded Execution Environments},
  booktitle = {Proc. Workshop on Isolation and Integration in Embedded Systems (IIES)},
  year = {2009},
  publisher = {ACM},
  ckurl = {\myconferenceurl{IIES09-TemporalIsolation}}
}

@InProceedings{WISH09,
  author = {H. Payer and M.A.A. Sanvido and Z.Z. Bandic and C.M. Kirsch},
  title = {{Combo Drive}: Optimizing Cost and Performance in a Heterogeneous Storage Device},
  booktitle = {Proc. Workshop on Integrating Solid-state Memory into the Storage Hierarchy (WISH)},
  year = {2009},
  ckurl = {\myconferenceurl{WISH09-ComboDrive}}
}

@Article{TECS09,
  author = {J. Auerbach and D.F. Bacon and D. Iercan and C.M. Kirsch and V.T. Rajan and H. R{\"o}ck and R. Trummer},
  title = {Low-Latency Time-portable Real-time Programming with {Exotasks}},
  journal = {ACM Transactions on Embedded Computing Systems (TECS)},
  volume = 8,
  number = 2,
  pages = {1--48},
  month = {January},
  year = {2009}
}

@TechReport{SBG08,
  author = {S.S. Craciunas and C.M. Kirsch and H. R{\"o}ck and A. Sokolova},
  title = {Real-Time Scheduling for Workload-oriented Programming},
  institution = {Department of Computer Sciences, University of Salzburg},
  number = {2008-02},
  month = {September},
  year = {2008},
  ckurl = {\myreporturl{SBG08-WorkloadOrientedProgramming}}
}

@Article{OSR08,
  author = {S.S. Craciunas and C.M. Kirsch and H. R{\"o}ck},
  title = {{I/O} {Resource} Management through System Call Scheduling},
  journal = {ACM Operating Systems Review (OSR), Special Issue on Research and Developments in the Linux Kernel},
  month = {July},
  year = {2008},
  ckurl = {\myjournalurl{ACM-OSR08-SystemCallScheduling}}
}

@InProceedings{AIAAGNC08,
  author = {S.S. Craciunas and C.M. Kirsch and H. R{\"o}ck and R. Trummer},
  title = {The {JA}viator: A High-Payload Quadrotor {UAV} with High-Level Programming Capabilities},
  booktitle = {Proc. AIAA Guidance, Navigation and Control Conference (GNC)},
  year = {2008},
  ckurl = {\myconferenceurl{AIAAGNC08-JAviator}}
}

@InProceedings{USENIX08,
  author = {S.S. Craciunas and C.M. Kirsch and H. Payer and A. Sokolova and H. Stadler and R. Staudinger},
  title = {A Compacting Real-Time Memory Management System},
  booktitle = {Proc. USENIX Annual Technical Conference},
  year = {2008},
  ckurl = {\myconferenceurl{USENIX08-CompactFit}}
}

@InProceedings{APRES08,
  author = {C.M. Kirsch and  L. Lopes and E.R.B. Marques},
  title = {Semantics-Preserving and Incremental Runtime Patching of Real-Time Programs},
  booktitle = {Proc. Workshop on Adaptive and Reconfigurable Embedded Systems (APRES)},
  year = {2008},
  ckurl = {\myconferenceurl{APRES08-RuntimePatching}}
}

@InProceedings{DATE08,
  author = {K. Chatterjee and A. Ghosal and D. Iercan and C.M. Kirsch and T.A. Henzinger and C. Pinello and A.L. Sangiovanni-Vincentelli},
  title = {Logical Reliability of Interacting Real-Time Tasks},
  booktitle = {Proc. International Conference on Design, Automation and Test in Europe (DATE)},
  year = {2008},
  ckurl = {\myconferenceurl{DATE08-LogicalReliability}}
}

@Article{TOPLAS07,
  author = {T.A. Henzinger and C.M. Kirsch},
  title = {The {E}mbedded {M}achine: Predictable, Portable Real-Time Code},
  journal = {ACM Transactions on Programming Languages and Systems (TOPLAS)},
  volume = {29},
  number = {6},
  pages = {33--61},
  month = {October},
  year = {2007}
}

@Proceedings{EMSOFT07a,
  editor    = {Christoph M. Kirsch and Reinhard Wilhelm},
  title     = {ACM \& IEEE International Conference on Embedded Software, EMSOFT 2007,
               Salzburg, Austria, September 30 - October, 3, 2007, Proceedings},
  year = {2007},
  publisher = {ACM},
  address = {New York, NY, USA}
}

@InProceedings{EMSOFT07b,
  author = {C.M. Kirsch and R. Wilhelm},
  title = {Grand Challenges in Embedded Software},
  booktitle = {Proc. International Conference on Embedded Software (EMSOFT)},
  pages = {2--6},
  year = {2007},
  publisher = {ACM}
}

@InProceedings{APGES07,
  author = {A. Ghosal and D. Iercan and C.M. Kirsch and T.A. Henzinger and A.L. Sangiovanni-Vincentelli},
  title = {Separate Compilation of Hierarchical Real-Time Programs into Linear-Bounded Embedded Machine Code},
  booktitle = {Online Proc. Workshop on Automatic Program Generation for Embedded Systems (APGES)},
  year = {2007},
  ckurl = {\myconferenceurl{APGES07-SeparateCompilationLinearBoundedECode}}
}

@TechReport{SBG07,
  author = {S.S. Craciunas and C.M. Kirsch and H. R{\"o}ck},
  title = {Shaping Process Semantics},
  institution = {Department of Computer Sciences, University of Salzburg},
  number = {2007-01},
  month = {April},
  year = {2007},
  ckurl = {\myreporturl{SBG07-ShapingProcessSemantics}}
}

@InProceedings{LCTES07,
  author = {J. Auerbach and D.F. Bacon and D. Iercan and C.M. Kirsch and V.T. Rajan and H. R{\"o}ck and R. Trummer},
  title = {Java Takes Flight: Time-portable Real-time Programming with {Exotasks}},
  booktitle = {Proc. ACM SIGPLAN/SIGBED Conference on Languages, Compilers, and Tools for Embedded Systems (LCTES)},
  publisher = {ACM},
  year = {2007},
  ckurl = {\myconferenceurl{LCTES07-Exotasks}}
}

@InBook{HRTES07,
  editor = {I. Lee and J. Leung and S.H. Son},
  title = {Handbook of Real-Time and Embedded Systems},
  publisher = {CRC Press},
  chapter = {The Evolution of Real-Time Programming},
  year = {2007}
}

@TechReport{KTH06,
  author = {M. T{\"o}rngren and D. Henriksson and O. Redell and C.M. Kirsch and
            J. El-Khoury and D. Simon and Y. Sorel and H. Zdenek and K.-E. {\AA}rz{\'e}n},
  title = {Co-Design of Control Systems and Their Real-Time Implementation --- A Tool Survey},
  institution = {Department of Machine Design, Royal Institute of Technology (KTH), Stockholm, Sweden},
  year = {2006},
  month = {September},
  number = {KTH/MMK/R-06/11-SE},
  ckurl = {\myreporturl{KTH06-ControlSystemsToolSurvey}}
}

@InProceedings{EMSOFT06,
  author = {A. Ghosal and T.A. Henzinger and D. Iercan and C.M. Kirsch and A.L. Sangiovanni-Vincentelli},
  title = {A Hierarchical Coordination Language for Interacting Real-Time Tasks},
  booktitle = {Proc. International Conference on Embedded Software (EMSOFT)},
  publisher = {ACM},
  year = {2006},
  ckurl = {\myconferenceurl{EMSOFT06-HTL}}
}

@TechReport{UCB06,
  author = {A. Ghosal and T.A. Henzinger and D. Iercan and C.M. Kirsch and A.L. Sangiovanni-Vincentelli},
  title = {Hierarchical Timing Language},
  institution = {EECS Department, University of California, Berkeley},
  year = {2006},
  month = {May},
  number = {UCB/EECS-2006-79},
  ckurl = {\myreporturl{UCB06-HTL}}
}

@TechReport{SBG05,
  author = {C.M. Kirsch and H. R{\"o}ck},
  title = {Traffic Shaping System Calls Using Threading by Appointment},
  institution = {Department of Computer Sciences, University of Salzburg},
  number = {T009},
  month = {August},
  year = {2005},
  ckurl = {\myreporturl{SBG05-TrafficShapingSystemCallsTAP}}
}

@InProceedings{EMSOFT05,
  author = {D.F. Bacon and P. Cheng and D. Grove and M. Hind and V.T. Rajan and E. Yahav and M. Hauswirth and C.M. Kirsch and D. Spoonhauer and M.T. Vechev},
  title = {High-Level Real-Time Programming in {J}ava},
  booktitle = {Proc. International Conference on Embedded Software (EMSOFT)},
  publisher = {ACM},
  year = {2005},
  ckurl = {\myinvitedurl{EMSOFT05-HighLevelRTProgrammingInJava}}
}

@InProceedings{VEE05,
  author = {C.M. Kirsch and M.A.A. Sanvido and T.A. Henzinger},
  title = {A Programmable Microkernel for Real-Time Systems},
  booktitle = {Proc. ACM/USENIX Conference on Virtual Execution Environments (VEE)},
  year = {2005},
  publisher = {ACM},
  ckurl = {\myconferenceurl{VEE05-ProgrammableMicrokernel}}
}

@InProceedings{LCTES05,
  author = {T.A. Henzinger and C.M. Kirsch and S. Matic},
  title = {Composable Code Generation for Distributed {G}iotto},
  booktitle = {Proc. ACM SIGPLAN/SIGBED Conference on Languages, Compilers, and Tools for Embedded Systems (LCTES)},
  year = {2005},
  publisher = {ACM},
  ckurl = {\myconferenceurl{LCTES05-DistributedGiotto}}
}

@InProceedings{MontereyWorkshop04,
  author = {C.M. Kirsch},
  title = {Threading by Appointment},
  booktitle = {Proc. Monterey Workshop},
  year = {2004},
  publisher = {CRC Press},
  ckurl = {\myconferenceurl{MontereyWorkshop04-ThreadingByAppointment}}
}

@TechReport{SBG04,
  author = {C.M. Kirsch},
  title = {Threading by Appointment},
  institution = {Department of Computer Sciences, University of Salzburg},
  number = {T003},
  month = {September},
  year = {2004},
  ckurl = {\myreporturl{SBG04-ThreadingByAppointment}}
}

@InProceedings{EMSOFT04,
  author = {T.A. Henzinger and C.M. Kirsch},
  title = {A Typed Assembly Language for Real-Time Programs},
  booktitle = {Proc. International Conference on Embedded Software (EMSOFT)},
  publisher = {ACM},
  pages = {104--113},
  year = {2004},
  ckurl = {\myconferenceurl{EMSOFT04-TALForRealTimePrograms}}
}

@InProceedings{HSCC04,
  author = {A. Ghosal and T.A. Henzinger and C.M. Kirsch and M.A.A. Sanvido},
  title = {Event-driven Programming with Logical Execution Times},
  booktitle = {Proc. International Workshop on Hybrid Systems: Computation and Control (HSCC)},
  publisher = {Springer},
  series = {LNCS},
  volume = {2993},
  pages = {357--371},
  year = {2004},
  ckurl = {\myconferenceurl{HSCC04-EventDrivenProgramming}}
}

@InBook{SEC03,
  editor = {T. Samad and G. Balas},
  title = {Software-Enabled Control: Information Technology for Dynamical Systems},
  publisher = {IEEE Press and Wiley-Interscience},
  chapter = {"Embedded Control Systems Development with {Giotto}"},
  year = {2003}
}

@Article{CSM03,
  author = {T.A. Henzinger and C.M. Kirsch and M.A.A. Sanvido and W. Pree},
  title = {From Control Models to Real-Time Code using {Giotto}},
  journal = {IEEE Control Systems Magazine (CSM)},
  volume = {23},
  number = {1},
  pages = {50--64},
  month = {February},
  year = {2003},
  ckurl = {\myjournalurl{IEEE-CSM03-ControlModelsRTCode}}
}

@Article{IEEE03,
  author = {T.A. Henzinger and B. Horowitz and C.M. Kirsch},
  title = {Giotto: A Time-triggered Language for Embedded Programming},
  journal = {Proceedings of the IEEE},
  volume = {91},
  number = {1},
  pages = {84--99},
  month = {January},
  year = {2003},
  ckurl = {\myjournalurl{ProcIEEE03-Giotto}}
}

@InProceedings{EMSOFT03,
  author = {T.A. Henzinger and C.M. Kirsch and S. Matic},
  title = {Schedule-Carrying Code},
  booktitle = {Proc. International Conference on Embedded Software (EMSOFT)},
  publisher = {Springer},
  series = {LNCS},
  volume = {2855},
  pages = {241--256},
  year = {2003},
  ckurl = {\myconferenceurl{EMSOFT03-ScheduleCarryingCode}}
}

@TechReport{UCB03a,
  author = {C.M. Kirsch and T.A. Henzinger and M.A.A. Sanvido},
  title = {A Programmable Microkernel for Real-Time Systems},
  institution = {University of California at Berkeley},
  address = {California},
  number = {UCB//CSD-03-1250},
  month = {June},
  year = {2003},
  ckurl = {\myreporturl{UCB03-ProgrammableMicrokernel}}
}

@TechReport{UCB03b,
  author = {T.A. Henzinger and C.M. Kirsch and S. Matic},
  title = {Schedule-Carrying Code},
  institution = {University of California at Berkeley},
  address = {California},
  number = {UCB//CSD-03-1230},
  month = {February},
  year = {2003},
  ckurl = {\myreporturl{UCB03-ScheduleCarryingCode}}
}

@InProceedings{PLDI02,
  author = {T.A. Henzinger and C.M. Kirsch},
  title = {The {E}mbedded {M}achine: Predictable, Portable Real-Time Code},
  booktitle = {Proc. ACM SIGPLAN Conference on Programming Language Design and Implementation (PLDI)},
  pages = {315--326},
  year = {2002},
  publisher = {ACM},
  ckurl = {\myconferenceurl{PLDI02-EmbeddedMachine}}
}

@InProceedings{EMSOFT02a,
  author = {T.A. Henzinger and C.M. Kirsch and R. Majumdar and S. Matic},
  title = {Time Safety Checking for Embedded Programs},
  booktitle = {Proc. International Workshop on Embedded Software (EMSOFT)},
  publisher = {Springer},
  series = {LNCS},
  volume = {2491},
  pages = {76--92},
  year = {2002},
  ckurl = {\myconferenceurl{EMSOFT02-TimeSafetyChecking}}
}

@InProceedings{EMSOFT02b,
  author = 	 {C.M. Kirsch and M.A.A. Sanvido and T.A. Henzinger and W. Pree},
  title = 	 {A {Giotto}-Based Helicopter Control System},
  booktitle = {Proc. International Workshop on Embedded Software (EMSOFT)},
  publisher = {Springer},
  series = {LNCS},
  volume = {2491},
  pages = {46--60},
  year = {2002},
  ckurl = {\myconferenceurl{EMSOFT02-GiottoHelicopterControl}}
}

@InProceedings{EMSOFT02c,
  author = {C.M. Kirsch},
  title = {Principles of Real-Time Programming},
  booktitle = {Proc. International Workshop on Embedded Software (EMSOFT)},
  publisher = {Springer},
  series = {LNCS},
  volume = {2491},
  pages = {61--75},
  year = {2002},
  ckurl = {\myinvitedurl{EMSOFT02-PrinciplesRTProgramming}}
}

@Proceedings{EMSOFT01,
  editor    = {Thomas A. Henzinger and Christoph M. Kirsch},
  title     = {Embedded Software, First International Workshop, EMSOFT 2001,
               Tahoe City, CA, USA, October, 8-10, 2001, Proceedings},
  booktitle = {EMSOFT},
  publisher = {Springer},
  series    = {LNCS},
  volume    = {2211},
  year      = {2001}
}

@InProceedings{EMSOFT01a,
  author = 	 {T.A. Henzinger and B. Horowitz and C.M. Kirsch},
  title = 	 {Giotto: A Time-triggered Language for Embedded Programming},
  booktitle = {Proc. International Workshop on Embedded Software (EMSOFT)},
  publisher = {Springer},
  series = {LNCS},
  volume = {2211},
  pages = {166--184},
  year = {2001},
  ckurl = {\myconferenceurl{EMSOFT01-Giotto}}
}

@InProceedings{LCTES01,
  author = {T.A. Henzinger and B. Horowitz and C.M. Kirsch},
  title = {Embedded Control Systems Development with {G}iotto},
  booktitle = {Proc. ACM SIGPLAN Workshop on Languages, Compilers, and Tools for Embedded Systems (LCTES)},
  year = {2001},
  publisher = {ACM},
  ckurl = {\myconferenceurl{LCTES01-GiottoDevelopment}}
}

@InProceedings{DASC01,
  author = {T.B. Brown and T.A. Henzinger and C.M. Kirsch and A. Pasetti and W. Pree},
  title = {A Reusable and Platform-Independent Framework for Distributed Control Systems},
  booktitle = {Proc. Digital Avionics Systems Conference (DASC)},
  publisher = {IEEE},
  year = {2001},
  ckurl = {\myconferenceurl{DASC01-ReusableFramework}}
}

@InProceedings{ICSE01,
  author = {R. Alur and L. de Alfaro and R. Grosu and T.A. Henzinger and
            M. Kang and C.M. Kirsch and R. Majumdar and F. Mang and B.Y. Wang},
  title = {jMocha: A Model Checking Tool that Exploits Design Structure},
  booktitle = {Proc. International Conference on Software Engineering (ICSE)},
  year = {2001},
  ckurl = {\mysystemurl{ICSE01-jMocha}}
}

@TechReport{UCB01,
  author = {C.M. Kirsch},
  title = {The {Embedded} {Machine}},
  institution = {University of California at Berkeley},
  address = {California},
  number = {UCB//CSD-01-1137},
  month = {March},
  year = {2001},
  ckurl = {\myreporturl{UCB01-EmbeddedMachine}}
}

@TechReport{UCB00,
  author = {T.A. Henzinger and B. Horowitz and C.M. Kirsch},
  title = {Giotto: A Time-Triggered Language for Embedded Programming},
  institution = {University of California at Berkeley},
  address = {California},
  number = {UCB//CSD-00-1121},
  year = {2000},
  ckurl = {\myreporturl{UCB00-Giotto}}
}

